@inproceedings{lin2015learning,
  title={``{L}earning entity and relation embeddings for knowledge graph completion"},
  author={ Y. Lin, Z. Liu, M. Sun, Y. Liu and X. Zhu },
  booktitle={Twenty-ninth AAAI conference on artificial intelligence},
  pages={2181--2187},
  year={2015}
}
@inproceedings{rendle2010factorization,
  title={``{F}actorization machines"},
  author={Rendle, Steffen},
  booktitle={2010 IEEE International Conference on Data Mining},
  pages={995--1000},
  year={2010},
  organization={IEEE}
}
@article{velivckovic2017graph,
  title={``Graph attention networks"},
  author={Veli{\v{c}}kovi{\'c}, Petar and Cucurull, Guillem and Casanova, Arantxa and Romero, Adriana and Lio, Pietro and Bengio, Yoshua},
  journal={arXiv preprint arXiv:1710.10903},
  year={2017}
}
@inproceedings{rendle2009bpr,
  title={``BPR: Bayesian personalized ranking from implicit feedback"},
  author={Rendle, Steffen and Freudenthaler, Christoph and Gantner, Zeno and Schmidt-Thieme, Lars},
  booktitle={Proceedings of the twenty-fifth conference on uncertainty in artificial intelligence},
  pages={452--461},
  year={2009},
  organization={AUAI Press}
}
@inproceedings{pei2019personalized,
  title={``Personalized re-ranking for recommendation"},
  author={P.Changhua, Z.Yi, Z.Yongfeng and et al.},
  booktitle={Proceedings of the 13th ACM Conference on Recommender Systems},
  pages={3--11},
  year={2019},
  organization={ACM}
}
@inproceedings{KGAT19,
  author    = {X. Wang{,} X. He{,} Y. Cao{,} M. Liu and T.S. Chua},
  title     = {``{KGAT}:{K}nowledge {G}raph {A}ttention {N}etwork for {R}ecommendation"},
  booktitle = {Proceedings of the 25th {ACM} {SIGKDD} {I}nternational {C}onference on {K}nowledge {D}iscovery & {D}ata {M}ining},
  year      = {2019}
}

@article{伊藤孝太朗2015顧客のセグメンテーションと商品のスコアリングによる購買予測,
  title={顧客のセグメンテーションと商品のスコアリングによる購買予測},
  author={伊藤孝太朗{,} 澤邉剛{,}保坂佳佑{,} 松下亮祐{,} 雪島正敏},
  journal={オペレーションズ・リサーチ: 経営の科学, Vol60},
  number={2},
  pages={75--80},
  year={2015}
}
@inproceedings{rendle2010factorization,
  title={``Factorization machines"},
  author={S. Rendle},
  booktitle={2010 IEEE International Conference on Data Mining},
  pages={995--1000},
  year={2010},
  organization={IEEE}
}
@article{2019DeepRecSurvey,
  title={``{D}eep learning based recommender system: A survey and new perspectives"},
  author={A. Sun{,} S. Zhang{,} L. Yao and Y. Tay},
  journal={ACM Computing Surveys (CSUR)},
  volume={52},
  number={1},
  pages={5},
  year={2019},
  publisher={ACM}
}
@dataset{楽天市場データ,
  title={楽天株式会社 (2014): 楽天市場データ. 国立情報学研究所情報学研究データリポジトリ. (データセット). https://doi.org/10.32130/idr.2.1}
}